@book{tu,
    title = {An Introduction to Manifolds},
    author = {Loring W. Tu},
    isbn = {978-1-4419-7399-3},
    year = {2010},
    publisher = {Springer New York, NY},
    series = {Universitext},
    DOI = {https://doi.org/10.1007/978-1-4419-7400-6}
}

@book{miranda,
    title = {Algebraic Curves and Riemann Surfaces},
    author = {Rick Miranda},
    isbn = {978-0-8218-0268-7},
    year = {1995},
    publisher = {American Mathematical Society; UK ed. edition},
    series = {Graduate Studies in Mathematics}
}

@book{forster,
    title = {Lectures on Riemann Surfaces},
    author = {Otto Forster},
    isbn = {978-0-3879-0617-1},
    year = {1981},
    publisher = {Springer New York, NY},
    series = {Graduate Texts in Mathematics},
    DOI = {https://doi.org/10.1007/978-1-4612-5961-9}
}

@book{i&t,
    title = {An Introduction to Teichmüller Spaces},
    author = {Yoichi Imayoshi \& Masahiko Taniguchi},
    isbn = {978-4-4316-8176-2},
    year = {1991},
    publisher = {Springer Tokyo},
    DOI = {https://doi.org/10.1007/978-4-431-68174-8}
}

@book{diamond,
    title = {A First Course in Modular Forms},
    author = {Fred Diamond \& Jerry Shurman},
    isbn = {978-0-3872-3229-4},
    year = {2005},
    publisher = {Springer New York, NY},
    series = {Graduate Texts in Mathematics},
    DOI = {https://doi.org/10.1007/978-0-387-27226-9}
}

@book{hatcher,
    title = {Algebraic Topology},
    author = {Allen Hatcher},
    isbn = {978-0-5217-9540-1},
    year = {2002},
    publisher = {Cambridge University Press}
}

@book{aluffi,
    title = {Algebra: Chapter 0},
    author = {Paolo Aluffi},
    isbn = {978-0-8218-4781-7},
    year = {2009},
    publisher = {American Mathematical Society},
    series = {Graduate Studies of Mathematics},
    DOI = {http://dx.doi.org/10.1090/gsm/104}
}

@book{leeTM,
    title = {Introduction to Topological Manifolds},
    author = {John Lee},
    isbn = {978-1-4419-7939-1},
    year = {2010},
    publisher = {Springer New York, NY},
    series = {Graduate Texts in Mathematics},
    DOI = {https://doi.org/10.1007/978-1-4419-7940-7}
}

@book{leeSM,
    title = {Introduction to Smooth Manifolds},
    author = {John Lee},
    isbn = {978-1-4419-9981-8},
    year = {2012},
    publisher = {Springer New York, NY},
    series = {Graduate Texts in Mathematics},
    DOI = {https://doi.org/10.1007/978-1-4419-9982-5}
}

@book{lang,
    title = {Complex Analysis},
    author = {Serge Lang},
    isbn = {978-0-3879-8592-3},
    year = {1998},
    publisher = {Springer New York, NY},
    series = {Graduate Texts in Mathematics},
    DOI = {https://doi.org/10.1007/978-1-4757-3083-8}
}

@book{maclane,
    title = {Categories for the Working Mathematician},
    author = {Saunders Mac Lane},
    isbn = {978-1-4419-3123-8},
    year = {2010},
    publisher = {Springer New York, NY},
    series = {Graduate Texts in Mathematics},
    DOI = {https://doi.org/10.1007/978-1-4757-4721-8}
}

@book{farb,
    title = {A Primer on Mapping Class Groups},
    author = {Benson Farb \& Dan Margalit},
    isbn = {978-0-6911-4794-9},
    year = {2012},
    publisher = {Princeton University Press},
    series = {Princeton Mathematical Series}
}

@book{hubbard,
    title = {Teichmüller Theory and Applications to Geometry, Topology, and Dynamics},
    volume = {1},
    author = {John Hamal Hubbard},
    isbn = {978-0-9715-7662-9},
    year = {2006},
    publisher = {Matrix Editions}
}

@book{munkres,
    title = {Topology},
    author = {James R. Munkres},
    isbn = {978-0-1318-1629-9},
    year = {2000},
    publisher = {Prentice Hall, Incorporated}
}

@online{peter,
    title = {Riemann Surfaces},
    author = {Peter Kronheimer},
    url = {https://people.math.harvard.edu/~jeffs/Complex_Analysis_Class_Notes.pdf},
    organization = {Harvard University},
    year = {2019}
}

@online{conrad,
    title = {Tensor Products},
    author = {Keith Conrad},
    url = {https://kconrad.math.uconn.edu/blurbs/linmultialg/tensorprod.pdf},
    year = {2016}
}
