@book{tu,
    title = {An Introduction to Manifolds},
    author = {Loring W. Tu},
    isbn = {978-1-4419-7399-3},
    series = {0172-5939},
    year = {2010},
    publisher = {Springer New York, NY}
}
